<?xml version="1.0" encoding="UTF-8"?><collection xmlns="http://www.loc.gov/MARC21/slim"><record><leader>00296nam--2200121-i-4500</leader><controlfield tag="001">000035279</controlfield><controlfield tag="002">20161230</controlfield><controlfield tag="005">20161230201040</controlfield><controlfield tag="008">060222s1000------------r-----000-0-eng-d</controlfield><datafield ind1=" " ind2=" " tag="100"><subfield code="a">Paul, Reinhold</subfield></datafield><datafield ind1=" " ind2=" " tag="245"><subfield code="a">Transistor-messtechnik</subfield></datafield><datafield ind1=" " ind2=" " tag="260"><subfield code="a">Berlin, Veb Verlag Technik, 1966, 342p</subfield></datafield><datafield ind1=" " ind2=" " tag="852"><subfield code="a">24758</subfield></datafield></record></collection>